<?xml version="1.0" encoding="UTF-8"?>
<record>
  <leader>01829cam#a2200481#cb4500</leader>
  <controlfield tag="005">20210409172341.0</controlfield>
  <controlfield tag="008">200918|1966####ja############|||#|#jpn#c</controlfield>
  <controlfield tag="003">DE-605</controlfield>
  <controlfield tag="001">990367761810206441</controlfield>
  <datafield tag="035" ind1=" " ind2=" ">
    <subfield code="a">(DE-605)HT020582812</subfield>
  </datafield>
  <datafield tag="040" ind1=" " ind2=" ">
    <subfield code="a">38/459</subfield>
    <subfield code="b">ger</subfield>
    <subfield code="d">38/459</subfield>
  </datafield>
  <datafield tag="041" ind1=" " ind2=" ">
    <subfield code="a">jpn</subfield>
  </datafield>
  <datafield tag="044" ind1=" " ind2=" ">
    <subfield code="c">XB-JP</subfield>
  </datafield>
  <datafield tag="100" ind1="1" ind2=" ">
    <subfield code="6">880-02</subfield>
    <subfield code="a">Kuroda, Kiyoaki</subfield>
    <subfield code="4">aut</subfield>
  </datafield>
  <datafield tag="880" ind1="1" ind2=" ">
    <subfield code="6">100-02/Jpan</subfield>
    <subfield code="a">黒田, 清揚</subfield>
  </datafield>
  <datafield tag="245" ind1="1" ind2="0">
    <subfield code="6">880-01</subfield>
    <subfield code="a">Sora kara mita nihon</subfield>
    <subfield code="c">Kuroda, Kiyoaki ; Sasaki, Atsurô kyôcho</subfield>
  </datafield>
  <datafield tag="880" ind1="1" ind2="0">
    <subfield code="6">245-01/Jpan</subfield>
    <subfield code="a">空から見た日本</subfield>
    <subfield code="9">F:331</subfield>
  </datafield>
  <datafield tag="880" ind1="1" ind2="0">
    <subfield code="6">245-01/Jpan</subfield>
    <subfield code="c">黒田清揚 ;佐々木敦朗 共著</subfield>
    <subfield code="9">F:359</subfield>
  </datafield>
  <datafield tag="250" ind1=" " ind2=" ">
    <subfield code="6">880-04</subfield>
    <subfield code="a">Shohan</subfield>
  </datafield>
  <datafield tag="880" ind1=" " ind2=" ">
    <subfield code="6">250-04/Jpan</subfield>
    <subfield code="a">初版</subfield>
    <subfield code="9">F:403</subfield>
  </datafield>
  <datafield tag="264" ind1=" " ind2="1">
    <subfield code="6">880-05</subfield>
    <subfield code="a">Ôsaka</subfield>
    <subfield code="b">Hoikusha</subfield>
    <subfield code="c">Shôwa 41-nen 8-gatsu 1-nichi</subfield>
  </datafield>
  <datafield tag="880" ind1=" " ind2="1">
    <subfield code="6">264-05/Jpan</subfield>
    <subfield code="a">大阪</subfield>
    <subfield code="b">保育社</subfield>
    <subfield code="c">昭和41年8月1日</subfield>
    <subfield code="9">F:419</subfield>
  </datafield>
  <datafield tag="300" ind1=" " ind2=" ">
    <subfield code="a">153 Seiten</subfield>
    <subfield code="b">Fotografien</subfield>
    <subfield code="b">Diagramme</subfield>
  </datafield>
  <datafield tag="336" ind1=" " ind2=" ">
    <subfield code="b">txt</subfield>
  </datafield>
  <datafield tag="337" ind1=" " ind2=" ">
    <subfield code="b">n</subfield>
  </datafield>
  <datafield tag="338" ind1=" " ind2=" ">
    <subfield code="b">nc</subfield>
  </datafield>
  <datafield tag="490" ind1="1" ind2=" ">
    <subfield code="6">880-06</subfield>
    <subfield code="a">Karā bukkusu</subfield>
    <subfield code="v">106</subfield>
  </datafield>
  <datafield tag="880" ind1="1" ind2=" ">
    <subfield code="6">490-06/Jpan</subfield>
    <subfield code="a">カラーブックス</subfield>
    <subfield code="v">106</subfield>
    <subfield code="9">F:451</subfield>
  </datafield>
  <datafield tag="546" ind1=" " ind2=" ">
    <subfield code="b">in japanischer Schrift</subfield>
  </datafield>
  <datafield tag="688" ind1=" " ind2=" ">
    <subfield code="a">Geographie, Geografie</subfield>
  </datafield>
  <datafield tag="688" ind1=" " ind2=" ">
    <subfield code="a">Reiseführer</subfield>
  </datafield>
  <datafield tag="688" ind1=" " ind2=" ">
    <subfield code="a">Bildband</subfield>
  </datafield>
  <datafield tag="688" ind1=" " ind2=" ">
    <subfield code="a">Luftbildaufnahme, Luftbild</subfield>
  </datafield>
  <datafield tag="700" ind1="1" ind2=" ">
    <subfield code="6">880-03</subfield>
    <subfield code="a">Sasaki, Atsurô</subfield>
    <subfield code="4">aut</subfield>
  </datafield>
  <datafield tag="880" ind1="1" ind2=" ">
    <subfield code="6">700-03/Jpan</subfield>
    <subfield code="a">佐々木, 敦朗</subfield>
  </datafield>
  <datafield tag="830" ind1=" " ind2="0">
    <subfield code="a">Karā bukkusu</subfield>
    <subfield code="w">(DE-605)HT003307812</subfield>
    <subfield code="v">106</subfield>
    <subfield code="9">O:1</subfield>
  </datafield>
  <datafield tag="960" ind1="1" ind2=" ">
    <subfield code="b">Mindestkatalogisat</subfield>
  </datafield>
  <datafield tag="960" ind1="1" ind2=" ">
    <subfield code="f">jap</subfield>
  </datafield>
  <datafield tag="964" ind1="0" ind2="s">
    <subfield code="V">020a</subfield>
    <subfield code="a">BA49978710</subfield>
    <subfield code="b">NII</subfield>
  </datafield>
  <datafield tag="964" ind1="0" ind2="s">
    <subfield code="F">030</subfield>
    <subfield code="A">|||u|||||||17</subfield>
  </datafield>
  <datafield tag="964" ind1="0" ind2="s">
    <subfield code="F">050</subfield>
    <subfield code="A">||||||||||||||</subfield>
  </datafield>
  <datafield tag="964" ind1="0" ind2="s">
    <subfield code="F">051</subfield>
    <subfield code="A">m|||||||</subfield>
  </datafield>
  <datafield tag="035" ind1=" " ind2=" ">
    <subfield code="a">(DE-599)HBZHT020582812</subfield>
  </datafield>
  <datafield tag="MBD" ind1=" " ind2=" ">
    <subfield code="M">49HBZ_NETWORK</subfield>
    <subfield code="i">990367761810206441</subfield>
    <subfield code="n">HBZ Network</subfield>
  </datafield>
  <datafield tag="MBD" ind1=" " ind2=" ">
    <subfield code="M">49HBZ_UBK</subfield>
    <subfield code="i">991029364459706476</subfield>
    <subfield code="n">Universität Köln</subfield>
  </datafield>
  <datafield tag="MNG" ind1=" " ind2=" ">
    <subfield code="c">System</subfield>
    <subfield code="f">ILS</subfield>
    <subfield code="i">marc21</subfield>
    <subfield code="k">01</subfield>
    <subfield code="e">false</subfield>
    <subfield code="d">2021-04-09 17:23:41 Europe/Berlin</subfield>
    <subfield code="g">036776181-HBZ01</subfield>
    <subfield code="j">50</subfield>
    <subfield code="a">import</subfield>
    <subfield code="b">2021-04-06 02:07:36 Europe/Berlin</subfield>
  </datafield>
  <datafield tag="H52" ind1=" " ind2=" ">
    <subfield code="b">38-459</subfield>
    <subfield code="c">38-459-FHM</subfield>
    <subfield code="8">22197352430006476</subfield>
  </datafield>
  <datafield tag="HOL" ind1=" " ind2=" ">
    <subfield code="b">2023-08-22 10:04:54</subfield>
    <subfield code="8">22197352430006476</subfield>
    <subfield code="M">49HBZ_UBK</subfield>
    <subfield code="g">false</subfield>
    <subfield code="a">import</subfield>
  </datafield>
  <datafield tag="ITM" ind1=" " ind2=" ">
    <subfield code="H">22197352430006476</subfield>
    <subfield code="x">38-459-FHM</subfield>
    <subfield code="f">BOOK</subfield>
    <subfield code="v">38-459-FHM</subfield>
    <subfield code="p">X</subfield>
    <subfield code="X">AMO_HBZ_FIX</subfield>
    <subfield code="U">2023-08-21 12:59:00 Europe/Berlin</subfield>
    <subfield code="Y">2023-08-24 04:52:25 Europe/Berlin</subfield>
    <subfield code="h">false</subfield>
    <subfield code="n">JAP/G2-1Kur1</subfield>
    <subfield code="G">1</subfield>
    <subfield code="M">49HBZ_UBK</subfield>
    <subfield code="s">1</subfield>
    <subfield code="d">#</subfield>
    <subfield code="V">import</subfield>
    <subfield code="L">Inv.-Nr.: 7229/96</subfield>
    <subfield code="b">JAP/0018138</subfield>
    <subfield code="O">HBZ01: HT020582812 | Aufnahmedatum: 2020-10-02 | Klassifikation: 0</subfield>
    <subfield code="a">23197352380006476</subfield>
    <subfield code="W">2023-08-22 12:04:54 Europe/Berlin</subfield>
    <subfield code="u">38-459</subfield>
    <subfield code="w">38-459</subfield>
  </datafield>
</record>
